% Encoding: UTF-8
@misc{statista,
  title = {Statista: Mobile OS market share},
  howpublished = {\url{https://www.statista.com/statistics/266136/global-market-share-held-by-smartphone-operating-systems/}},
  note = {Accessed: 2018-11-28}
}

@misc{flutter,
  title = {Google Developers: Flutter},
  howpublished = {\url{https://developers.googleblog.com/2018/12/flutter-10-googles-portable-ui-toolkit.html}},
  note = {Accessed: 2018-12-05}
}

@inproceedings{eva12,
  title={Evaluating cross-platform development approaches for mobile applications},
  author={Heitk{\"o}tter, Henning and Hanschke, Sebastian and Majchrzak, Tim A},
  booktitle={International Conference on Web Information Systems and Technologies},
  pages={120--138},
  year={2012},
  organization={Springer}
}

@inproceedings{compa13,
  title={A comparative analysis of cross-platform development approaches for mobile applications},
  author={Xanthopoulos, Spyros and Xinogalos, Stelios},
  booktitle={Proceedings of the 6th Balkan Conference in Informatics},
  pages={213--220},
  year={2013},
  organization={ACM}
}

@misc{pwa,
  title = {Google Developers: Progressive Web Apps},
  howpublished = {\url{https://developers.google.com/web/progressive-web-apps/}},
  note = {Accessed: 2018-12-05}
}

@misc{sencha,
  title = {Sencha: Sencha Touch},
  howpublished = {\url{https://www.sencha.com/products/touch/}},
  note = {Accessed: 2018-12-05}
}

@misc{jquery,
  title = {jQuery Mobile: A Touch-Optimized Web Framework},
  howpublished = {\url{http://jquerymobile.com/}},
  note = {Accessed: 2018-12-05}
}

@misc{gdev,
  title = {Google Developers: Sensors For The Web},
  howpublished = {\url{https://developers.google.com/web/updates/2017/09/sensors-for-the-web}},
  note = {Accessed: 2018-12-05}
}

@misc{ionic,
  title = {Ionic: Build amazing apps in one codebase},
  howpublished = {\url{https://ionicframework.com/}},
  note = {Accessed: 2018-12-05}
}

@misc{phonegap,
  title = {Adobe PhoneGap: Build amazing mobile apps powered by open web tech},
  howpublished = {\url{https://www.phonegap.com/}},
  note = {Accessed: 2018-12-05}
}

@misc{tita,
  title = {Appcelerator: Native apps. Mobile APIs. Real-time analytics. One Platform.},
  howpublished = {\url{https://www.appcelerator.com/mobile-app-development-products/}},
  note = {Accessed: 2018-12-05}
}